@inproceedings{gunawardena2017applying,
  title={Applying convolutional neural networks for pre-detection of alzheimer's disease from structural MRI data},
  author={Gunawardena, KANNP and Rajapakse, RN and Kodikara, Nihal D},
  booktitle={2017 24th international conference on mechatronics and machine vision in practice (M2VIP)},
  pages={1--7},
  year={2017},
  organization={IEEE}
}

@article{pradhan2024analysis,
  title={Analysis of MRI image data for Alzheimer disease detection using deep learning techniques},
  author={Pradhan, Nilanjana and Sagar, Shrdhha and Singh, Ajay Shankar},
  journal={Multimedia Tools and Applications},
  volume={83},
  number={6},
  pages={17729--17752},
  year={2024},
  publisher={Springer}
}

@article{saikia2024alzheimer,
  title={Alzheimer disease detection using MRI: deep learning review},
  author={Saikia, Pallavi and Kalita, Sanjib Kumar},
  journal={SN Computer Science},
  volume={5},
  number={5},
  pages={507},
  year={2024},
  publisher={Springer}
}

@article{menagadevi2024machine,
  title={Machine and deep learning approaches for alzheimer disease detection using magnetic resonance images: An updated review},
  author={Menagadevi, M and Devaraj, Somasundaram and Madian, Nirmala and Thiyagarajan, D},
  journal={Measurement},
  volume={226},
  pages={114100},
  year={2024},
  publisher={Elsevier}
}

@article{mubonanyikuzo2025detection,
  title={Detection of Alzheimer Disease in Neuroimages Using Vision Transformers: Systematic Review and Meta-Analysis},
  author={Mubonanyikuzo, Vivens and Yan, Hongjie and Komolafe, Temitope Emmanuel and Zhou, Liang and Wu, Tao and Wang, Nizhuan},
  journal={Journal of Medical Internet Research},
  volume={27},
  pages={e62647},
  year={2025},
  publisher={JMIR Publications Toronto, Canada}
}

@article{garg2023review,
  title={A review on Alzheimer’s disease classification from normal controls and mild cognitive impairment using structural MR images},
  author={Garg, Neha and Choudhry, Mahipal Singh and Bodade, Rajesh M},
  journal={Journal of neuroscience methods},
  volume={384},
  pages={109745},
  year={2023},
  publisher={Elsevier}
}

@inproceedings{acharya2021alzheimer,
  title={Alzheimer disease classification using transfer learning},
  author={Acharya, Heta and Mehta, Rutvik and Singh, Dheeraj Kumar},
  booktitle={2021 5th International Conference on Computing Methodologies and Communication (ICCMC)},
  pages={1503--1508},
  year={2021},
  organization={IEEE}
}

@article{lu2025efficient,
  title={An efficient vision transformer for Alzheimer’s disease classification using magnetic resonance images},
  author={Lu, Si-Yuan and Zhang, Yu-Dong and Yao, Yu-Dong},
  journal={Biomedical Signal Processing and Control},
  volume={101},
  pages={107263},
  year={2025},
  publisher={Elsevier}
}

@article{yan2025hybrid,
  title={Hybrid-RViT: Hybridizing ResNet-50 and Vision Transformer for Enhanced Alzheimer’s disease detection},
  author={Yan, Hongjie and Mubonanyikuzo, Vivens and Komolafe, Temitope Emmanuel and Zhou, Liang and Wu, Tao and Wang, Nizhuan},
  journal={PloS one},
  volume={20},
  number={2},
  pages={e0318998},
  year={2025},
  publisher={Public Library of Science San Francisco, CA USA}
}

@article{francis2025deep,
  title={Deep CNN ResNet-18 based model with attention and transfer learning for Alzheimer's disease detection},
  author={Francis, Sofia Biju and Prakash Verma, Jai},
  journal={Frontiers in Neuroinformatics},
  volume={18},
  pages={1507217},
  year={2025},
  publisher={Frontiers Media SA}
}

@article{cuingnet2011automatic,
  title={Automatic classification of patients with Alzheimer's disease from structural MRI: a comparison of ten methods using the ADNI database},
  author={Cuingnet, R{\'e}mi and Gerardin, Emilie and Tessieras, J{\'e}r{\^o}me and Auzias, Guillaume and Leh{\'e}ricy, St{\'e}phane and Habert, Marie-Odile and Chupin, Marie and Benali, Habib and Colliot, Olivier and Alzheimer's Disease Neuroimaging Initiative and others},
  journal={neuroimage},
  volume={56},
  number={2},
  pages={766--781},
  year={2011},
  publisher={Elsevier}
}

@article{basaia2019automated,
  title={Automated classification of Alzheimer's disease and mild cognitive impairment using a single MRI and deep neural networks},
  author={Basaia, Silvia and Agosta, Federica and Wagner, Luca and Canu, Elisa and Magnani, Giuseppe and Santangelo, Roberto and Filippi, Massimo and Alzheimer's Disease Neuroimaging Initiative and others},
  journal={NeuroImage: Clinical},
  volume={21},
  pages={101645},
  year={2019},
  publisher={Elsevier}
}

@inproceedings{farooq2017deep,
  title={A deep CNN based multi-class classification of Alzheimer's disease using MRI},
  author={Farooq, Ammarah and Anwar, SyedMuhammad and Awais, Muhammad and Rehman, Saad},
  booktitle={2017 IEEE International Conference on Imaging systems and techniques (IST)},
  pages={1--6},
  year={2017},
  organization={IEEE}
}

@article{sarraf2016classification,
  title={Classification of Alzheimer's disease structural MRI data by deep learning convolutional neural networks},
  author={Sarraf, Saman and Tofighi, Ghassem},
  journal={arXiv preprint arXiv:1607.06583},
  year={2016}
}

@article{maqsood2019transfer,
  title={Transfer learning assisted classification and detection of Alzheimer’s disease stages using 3D MRI scans},
  author={Maqsood, Muazzam and Nazir, Faria and Khan, Umair and Aadil, Farhan and Jamal, Habibullah and Mehmood, Irfan and Song, Oh-young},
  journal={Sensors},
  volume={19},
  number={11},
  pages={2645},
  year={2019},
  publisher={MDPI}
}

@article{wu20223d,
  title={3D transfer learning network for classification of Alzheimer’s disease with MRI},
  author={Wu, Haifeng and Luo, Jinling and Lu, Xiaoling and Zeng, Yu},
  journal={International Journal of Machine Learning and Cybernetics},
  volume={13},
  number={7},
  pages={1997--2011},
  year={2022},
  publisher={Springer}
}

@inproceedings{ebrahimi2019transfer,
  title={Transfer learning for Alzheimer's disease detection on MRI images},
  author={Ebrahimi-Ghahnavieh, Amir and Luo, Suhuai and Chiong, Raymond},
  booktitle={2019 IEEE international conference on industry 4.0, Artificial intelligence, and communications technology (IAICT)},
  pages={133--138},
  year={2019},
  organization={IEEE}
}

@inproceedings{hon2017towards,
  title={Towards Alzheimer's disease classification through transfer learning},
  author={Hon, Marcia and Khan, Naimul Mefraz},
  booktitle={2017 IEEE International conference on bioinformatics and biomedicine (BIBM)},
  pages={1166--1169},
  year={2017},
  organization={IEEE}
}

@article{mehmood2021transfer,
  title={A transfer learning approach for early diagnosis of Alzheimer’s disease on MRI images},
  author={Mehmood, Atif and Yang, Shuyuan and Feng, Zhixi and Wang, Min and Ahmad, AL Smadi and Khan, Rizwan and Maqsood, Muazzam and Yaqub, Muhammad},
  journal={Neuroscience},
  volume={460},
  pages={43--52},
  year={2021},
  publisher={Elsevier}
}

@inproceedings{herrera2013classification,
  title={Classification of MRI images for Alzheimer's disease detection},
  author={Herrera, Luis Javier and Rojas, Ignacio and Pomares, H{\'e}ctor and Guill{\'e}n, Alberto and Valenzuela, Olga and Ba{\~n}os, Oresti},
  booktitle={2013 international conference on social computing},
  pages={846--851},
  year={2013},
  organization={IEEE}
}

@inproceedings{liang2021alzheimer,
  title={Alzheimer’s disease classification using 2d convolutional neural networks},
  author={Liang, Gongbo and Xing, Xin and Liu, Liangliang and Zhang, Yu and Ying, Qi and Lin, Ai-Ling and Jacobs, Nathan},
  booktitle={2021 43rd annual international conference of the ieee engineering in medicine \& biology society (embc)},
  pages={3008--3012},
  year={2021},
  organization={IEEE}
}

@article{yang2021reinventing,
  title={Reinventing 2d convolutions for 3d images},
  author={Yang, Jiancheng and Huang, Xiaoyang and He, Yi and Xu, Jingwei and Yang, Canqian and Xu, Guozheng and Ni, Bingbing},
  journal={IEEE Journal of Biomedical and Health Informatics},
  volume={25},
  number={8},
  pages={3009--3018},
  year={2021},
  publisher={IEEE}
}

@article{litjens2017survey,
  title={A survey on deep learning in medical image analysis},
  author={Litjens, Geert and Kooi, Thijs and Bejnordi, Babak Ehteshami and Setio, Arnaud Arindra Adiyoso and Ciompi, Francesco and Ghafoorian, Mohsen and Van Der Laak, Jeroen Awm and Van Ginneken, Bram and S{\'a}nchez, Clara I},
  journal={Medical image analysis},
  volume={42},
  pages={60--88},
  year={2017},
  publisher={Elsevier}
}

@article{payan2015predicting,
  title={Predicting Alzheimer's disease: a neuroimaging study with 3D convolutional neural networks},
  author={Payan, Adrien and Montana, Giovanni},
  journal={arXiv preprint arXiv:1502.02506},
  year={2015}
}

@article{hoopes2022synthstrip,
  title={SynthStrip: skull-stripping for any brain image},
  author={Hoopes, Andrew and Mora, Jocelyn S and Dalca, Adrian V and Fischl, Bruce and Hoffmann, Malte},
  journal={NeuroImage},
  volume={260},
  pages={119474},
  year={2022},
  publisher={Elsevier}
}

@article{jack2013tracking,
  title={Tracking pathophysiological processes in Alzheimer's disease: an updated hypothetical model of dynamic biomarkers},
  author={Jack, Clifford R and Knopman, David S and Jagust, William J and Petersen, Ronald C and Weiner, Michael W and Aisen, Paul S and Shaw, Leslie M and Vemuri, Prashanthi and Wiste, Heather J and Weigand, Stephen D and others},
  journal={The lancet neurology},
  volume={12},
  number={2},
  pages={207--216},
  year={2013},
  publisher={Elsevier}
}

@article{jack1992mr,
  title={MR-based hippocampal volumetry in the diagnosis of Alzheimer's disease},
  author={Jack Jr, Clifford R and Petersen, Ronald C and O'brien, Peter C and Tangalos, Eric G},
  journal={Neurology},
  volume={42},
  number={1},
  pages={183--183},
  year={1992},
  publisher={Lippincott Williams \& Wilkins}
}

@article{gutierrez2009patterns,
  title={Patterns of cortical thickness according to APOE genotype in Alzheimer’s disease},
  author={Guti{\'e}rrez-Galve, Leticia and Lehmann, Manja and Hobbs, Nicola Z and Clarkson, Matthew J and Ridgway, Gerard R and Crutch, Sebastian and Ourselin, Sebastien and Schott, Jonathan M and Fox, Nick C and Barnes, Josephine},
  journal={Dementia and geriatric cognitive disorders},
  volume={28},
  number={5},
  pages={461--470},
  year={2009},
  publisher={S. Karger AG Basel, Switzerland}
}

@article{ferrarini2006shape,
  title={Shape differences of the brain ventricles in Alzheimer's disease},
  author={Ferrarini, Luca and Palm, Walter M and Olofsen, Hans and van Buchem, Mark A and Reiber, Johan HC and Admiraal-Behloul, Faiza},
  journal={Neuroimage},
  volume={32},
  number={3},
  pages={1060--1069},
  year={2006},
  publisher={Elsevier}
}

@article{jack2018nia,
  title={NIA-AA research framework: toward a biological definition of Alzheimer's disease},
  author={Jack Jr, Clifford R and Bennett, David A and Blennow, Kaj and Carrillo, Maria C and Dunn, Billy and Haeberlein, Samantha Budd and Holtzman, David M and Jagust, William and Jessen, Frank and Karlawish, Jason and others},
  journal={Alzheimer's \& dementia},
  volume={14},
  number={4},
  pages={535--562},
  year={2018},
  publisher={Wiley Online Library}
}

@article{dubois2007research,
  title={Research criteria for the diagnosis of Alzheimer's disease: revising the NINCDS--ADRDA criteria},
  author={Dubois, Bruno and Feldman, Howard H and Jacova, Claudia and DeKosky, Steven T and Barberger-Gateau, Pascale and Cummings, Jeffrey and Delacourte, Andr{\'e} and Galasko, Douglas and Gauthier, Serge and Jicha, Gregory and others},
  journal={The Lancet Neurology},
  volume={6},
  number={8},
  pages={734--746},
  year={2007},
  publisher={Elsevier}
}

@article{kloppel2008accuracy,
  title={Accuracy of dementia diagnosis—a direct comparison between radiologists and a computerized method},
  author={Kl{\"o}ppel, Stefan and Stonnington, Cynthia M and Barnes, Josephine and Chen, Frederick and Chu, Carlton and Good, Catriona D and Mader, Irina and Mitchell, L Anne and Patel, Ameet C and Roberts, Catherine C and others},
  journal={Brain},
  volume={131},
  number={11},
  pages={2969--2974},
  year={2008},
  publisher={Oxford University Press}
}

@article{bari2021comparative,
  title={A comparative analysis of machine learning algorithms to predict Alzheimer’s disease},
  author={Bari Antor, Morshedul and Jamil, AHM Shafayet and Mamtaz, Maliha and Monirujjaman Khan, Mohammad and Aljahdali, Sultan and Kaur, Manjit and Singh, Parminder and Masud, Mehedi},
  journal={Journal of Healthcare Engineering},
  volume={2021},
  number={1},
  pages={9917919},
  year={2021},
  publisher={Wiley Online Library}
}

@misc{davatzikos2019machine,
  title={Machine learning in neuroimaging: Progress and challenges},
  author={Davatzikos, Christos},
  journal={Neuroimage},
  volume={197},
  pages={652--656},
  year={2019},
  publisher={Elsevier}
}

@inproceedings{ebrahimi2020introducing,
  title={Introducing transfer learning to 3D ResNet-18 for Alzheimer’s disease detection on MRI images},
  author={Ebrahimi, Amir and Luo, Suhuai and Chiong, Raymond},
  booktitle={2020 35th international conference on image and vision computing New Zealand (IVCNZ)},
  pages={1--6},
  year={2020},
  organization={IEEE}
}

@inproceedings{lyu2022classification,
  title={Classification of alzheimer's disease via vision transformer: Classification of alzheimer's disease via vision transformer},
  author={Lyu, Yanjun and Yu, Xiaowei and Zhu, Dajiang and Zhang, Lu},
  booktitle={Proceedings of the 15th international conference on PErvasive technologies related to assistive environments},
  pages={463--468},
  year={2022}
}

@inproceedings{tran2018closer,
  title={A closer look at spatiotemporal convolutions for action recognition},
  author={Tran, Du and Wang, Heng and Torresani, Lorenzo and Ray, Jamie and LeCun, Yann and Paluri, Manohar},
  booktitle={Proceedings of the IEEE conference on Computer Vision and Pattern Recognition},
  pages={6450--6459},
  year={2018}
}

@article{fatima2020state,
  title={State-of-the-art traditional to the machine-and deep-learning-based skull stripping techniques, models, and algorithms},
  author={Fatima, Anam and Shahid, Ahmad Raza and Raza, Basit and Madni, Tahir Mustafa and Janjua, Uzair Iqbal},
  journal={Journal of Digital Imaging},
  volume={33},
  pages={1443--1464},
  year={2020},
  publisher={Springer}
}

@article{viswan2025enhancing,
  title={Enhancing insights: unravelling the potential of preprocessing MRI for artificial intelligence based Alzheimer's disease classification},
  author={Viswan, Vimbi and Hajamohideen, Faizal and Subramanian, Karthikeyan and Shaffi, Noushath and Mahmud, Mufti},
  journal={Machine Learning Models and Architectures for Biomedical Signal Processing},
  pages={125--151},
  year={2025},
  publisher={Elsevier}
}

@article{jack2008alzheimer,
  title={The Alzheimer's disease neuroimaging initiative (ADNI): MRI methods},
  author={Jack Jr, Clifford R and Bernstein, Matt A and Fox, Nick C and Thompson, Paul and Alexander, Gene and Harvey, Danielle and Borowski, Bret and Britson, Paula J and L. Whitwell, Jennifer and Ward, Chadwick and others},
  journal={Journal of Magnetic Resonance Imaging: An Official Journal of the International Society for Magnetic Resonance in Medicine},
  volume={27},
  number={4},
  pages={685--691},
  year={2008},
  publisher={Wiley Online Library}
}

@article{vemuri2010role,
  title={Role of structural MRI in Alzheimer's disease},
  author={Vemuri, Prashanthi and Jack, Clifford R},
  journal={Alzheimer's research \& therapy},
  volume={2},
  pages={1--10},
  year={2010},
  publisher={Springer}
}

@article{lamontagne2019oasis,
  title={OASIS-3: longitudinal neuroimaging, clinical, and cognitive dataset for normal aging and Alzheimer disease},
  author={LaMontagne, Pamela J and Benzinger, Tammie LS and Morris, John C and Keefe, Sarah and Hornbeck, Russ and Xiong, Chengjie and Grant, Elizabeth and Hassenstab, Jason and Moulder, Krista and Vlassenko, Andrei G and others},
  journal={medrxiv},
  pages={2019--12},
  year={2019},
  publisher={Cold Spring Harbor Laboratory Press}
}